<record><leader>00000cas a22000007a 4500</leader><controlfield tag="001">22443311</controlfield><controlfield tag="008">900927d19641970couwr ne      0    0eng d</controlfield><datafield ind1=" " ind2=" " tag="010"><subfield code="a">sn 90051731 </subfield></datafield><datafield ind1=" " ind2=" " tag="040"><subfield code="a">CNQ</subfield><subfield code="b">eng</subfield><subfield code="c">CNQ</subfield><subfield code="d">OCL</subfield><subfield code="d">OCLCQ</subfield></datafield><datafield ind1=" " ind2=" " tag="019"><subfield code="a">11171768</subfield><subfield code="a">21220156</subfield></datafield><datafield ind1=" " ind2=" " tag="042"><subfield code="a">msc</subfield></datafield><datafield ind1="0" ind2="0" tag="245"><subfield code="a">Aspen illustrated news.</subfield></datafield><datafield ind1="3" ind2="0" tag="246"><subfield code="a">Illustrated Aspen news</subfield></datafield><datafield ind1=" " ind2=" " tag="260"><subfield code="a">Aspen, Colo. :</subfield><subfield code="b">Aspen news</subfield></datafield><datafield ind1=" " ind2=" " tag="300"><subfield code="a">v.</subfield></datafield><datafield ind1=" " ind2=" " tag="310"><subfield code="a">Weekly</subfield></datafield><datafield ind1="0" ind2=" " tag="362"><subfield code="a">Vol. 1, no. 1 (Dec. 18, 1964)-</subfield></datafield><datafield ind1="1" ind2=" " tag="362"><subfield code="a">Ceased in 1970?</subfield></datafield><datafield ind1=" " ind2=" " tag="500"><subfield code="a">"Illustrated" appears above "Aspen news" on masthead, 1964-1969.</subfield></datafield><datafield ind1=" " ind2=" " tag="752"><subfield code="a">United States</subfield><subfield code="b">Colorado</subfield><subfield code="c">Pitkin</subfield><subfield code="d">Aspen.</subfield></datafield><datafield ind1="1" ind2=" " tag="029"><subfield code="a">AU@</subfield><subfield code="b">000025853517</subfield></datafield></record>